@Misc{uatracker,
OPTkey = {},
author = {Scott J. LeCompte},
title = {http://www.ua-tracker.com},
howpublished = {Web},
OPTmonth = {},
year = {2010},
OPTnote = {},
OPTannote = {}
}
@Misc{uas.info,
OPTkey = {},
author = {Jaroslav Mallat},
title = {http://www.user-agent-string.info},
howpublished = {Web},
OPTmonth = {},
year = {2010},
OPTnote = {},
OPTannote = {}
}
@Misc{ua.org,
OPTkey = {},
author = {Andreas Staeding},
title = {http://www.user-agents.org},
howpublished = {Web},
OPTmonth = {},
year = {2010},
OPTnote = {},
OPTannote = {}
}
@TechReport{httprfc,
author = {Fielding et al.},
title = {Hypertext Transfer Protocol -- HTTP/1.1},
institution = {Network Working Group},
year = {1999},
OPTkey = {},
type = {RFC},
number = {2616},
OPTaddress = {},
OPTmonth = {},
note = {(Section 14.43)},
OPTannote = {}
}
@Misc{history,
OPTkey = {},
author = {Nicholas C. Zakas},
title = {History of the user-agent string (http://www.nczonline.net/blog/2010/01/12/history-of-the-user-agent-string/)},
howpublished = {Web},
month = {January},
year = {2010},
OPTnote = {},
OPTannote = {}
}
@Misc{uas.com,
OPTkey = {},
OPTauthor = {},
title = {http://www.useragentstring.com/},
howpublished = {Web},
OPTmonth = {},
year = {2005-2009},
OPTnote = {},
OPTannote = {}
}
@Misc{mobile,
OPTkey = {},
OPTauthor = {},
title = {Header Examples (http://www.betavine.net/bvportal/resources/vodafone/mics/examples)},
howpublished = {Web},
OPTmonth = {},
year = {2010},
OPTnote = {},
OPTannote = {}
}
@Misc{uaParser,
OPTkey = {},
author = {Browserscope },
title = {UAParser},
howpublished = {Source Repository: https://github.com/dinomite/uaParser},
month = {October},
year = {2010},
OPTnote = {},
OPTannote = {}
}
@Misc{bcp,
OPTkey = {},
author = {Gary Keith},
title = {Browser Capabilities Project},
howpublished = {http://browsers.garykeith.com/},
OPTmonth = {},
year = {1998-2010},
OPTnote = {},
OPTannote = {}
}
@Misc{souders,
OPTkey = {},
author = {Steve Souders},
title = {UA Profiler},
howpublished = {http://www.stevesouders.com/ua/},
OPTmonth = {},
year = {2010},
OPTnote = {},
OPTannote = {}
}
@Misc{souders2,
OPTkey = {},
author = {Steve Souders},
title = {User agents in the morning},
howpublished = {http://www.stevesouders.com/blog/2009/01/18/user-agents-in-the-morning/},
month = {January},
year = {2009},
OPTnote = {},
OPTannote = {}
}
@Manual{libsvm,
  author =	 {Chih-Chung Chang and Chih-Jen Lin},
  title =	 {{LIBSVM}: a library for support vector machines},
  year =	 {2001},
  note =	 {Software available at \url{http://www.csie.ntu.edu.tw/~cjlin/libsvm}}
}

@Article{subseqkernel,
author = {Huma Lodhi and Craig Saunders and John Shaw-Taylor and Nello Cristianini and Chris Watkins},
title = {Text Classification using String Kernels},
year = {2002},
journal = {Journal of Machine Learning Research},
OPTkey = {},
volume = {2},
OPTnumber = {},
pages = {419-444},
OPTmonth = {},
OPTnote = {},
OPTannote = {}
}






